%% references.bib 
%% V1.10 
%% 2006/03/02
%% Copyright (c) 2002 by Michael Shell
%% mshell(at)ece.gatech.edu
%% See support website below for current contact information.
%% 
%% NOTE: This text file uses MS Windows line feed conventions. When (human)
%% reading this file on other platforms, you may have to use a text
%% editor that can handle lines terminated by the MS Windows line feed
%% characters (0x0D 0x0A).
%% 
%% This is an example BibTeX database for the official IEEEtran.bst
%% BibTeX style file.
%% 
%% Some entries call strings that are defined in the IEEEabrv.bib file.
%% Therefore, IEEEabrv.bib should be loaded prior to this file. 
%% Usage: 
%% 
%% \bibliographystyle{./IEEEtran} % use IEEEtran.bst style
%% \bibliography{./IEEEabrv,./IEEEexample}
%% 
%% 
%% Support sites:
%% http://www.ctan.org/tex-archive/macros/latex/contrib/supported/IEEEtran/ 
%% and/or
%% http://www.ieee.org
%%**********************************************************************
%% Legal Notice:
%% This code is offered as-is without any warranty either expressed or
%% implied; without even the implied warranty of MERCHANTABILITY or
%% FITNESS FOR A PARTICULAR PURPOSE!
%% User assumes all risk.
%% In no event shall IEEE or any contributor to this code be liable for
%% any damages or losses, including, but not limited to, incidental,
%% consequential, or any other damages, resulting from the use or misuse
%% of any information contained here.
%%
%% This code is distributed under the Perl Artistic License 
%% ( http://language.perl.com/misc/Artistic.html ) 
%% and may be freely used, distributed and modified - subject to the
%% constraints therein.
%% Retain all contribution notices, credits and disclaimers.
%% 
%% All comments are the opinions of their respective authors and are not
%% necessarily endorsed by the IEEE.
%%**********************************************************************


% Note that, because the example references were taken from actual IEEE
% publications, these examples do not always contain the full amount
% of information that may be desirable (for use with other BibTeX styles).
% In particular, full names (not abbreviated with initials) should be
% entered whenever possible as some (non-IEEE) bibliography styles use
% full names. IEEEtran.bst will automatically abbreviate when it
% encounters full names.
 

% references for the IEEEtran.bst documentation
% the distribution site for IEEEtran.bst
@electronic{references:shellCTANpage,
  author        = "Michael Shell",
  title         = "{IEEE}tran Homepage on {CTAN}",
  url           = "http://www.ctan.org/tex-archive/macros/latex/contrib/supported/IEEEtran/",
  year          = "2002"
};


% the IEEE website
% sort key is needed for sorting styles
@electronic{references:bussinessobjects,
  title         = "Bussiness Objects (Company) - Wikipedia, the free encyclopedia",
  url           = "http://en.wikipedia.org/wiki/Business_Objects_(company)"
};


@electronic{references:alfrescoabout,
  title         = "Sobre Alfresco - La alternativa para la gestión de contenidos empresariales en código libre",
  url           = "http://www.alfresco.com/es/about/"
};


@electronic{references:liferaylicense,
  title 	= "Liferay Adopting the LGPL License - Blog - Liferay.com",
  url		= "http://www.liferay.com/web/bryan.cheung/blog/-/blogs/4656695/maximized"
};


@electronic{references:documentum,
  title         = "Documentum - Wikipedia, the free encyclopedia",
  url           = "http://en.wikipedia.org/wiki/Documentum"
};


@electronic{references:ecmaiim,
  title         = "AIIM - What is ECM? What is Enterprise Content Management",
  url           = "http://www.aiim.org/What-is-ECM-Enterprise-Content-Management.aspx"
};


@electronic{references:alfrescocomp,
  title         = "Alfresco - cmsmatrix.org - The Content Management Comparison Tool",
  url           = "http://cmsmatrix.org/matrix/cms-matrix/alfresco"
};


@electronic{references:LAMP,
  title         = "LAMP (software bundle) - Wikipedia, the free Encyclopedia",
  url           = "http://en.wikipedia.org/wiki/LAMP_(software_bundle)"
};


@electronic{references:turnkeycore,
  title         = "TurnKey Core - TurnKey Linux Virtual Appliance Library",
  url           = "http://www.turnkeylinux.org/core"
};


@electronic{references:turnkeydrupal,
  title         = "Drupal 6 Appliance - TurnKey Linux Virtual Appliance Library",
  url           = "http://www.turnkeylinux.org/drupal6"
};


@electronic{references:turnkey,
  title         = "TurnKey Linux Virtual Appliance Library | Virtual Appliances for Virtual Machines, Cloud Computing and Bare Metal",
  url           = "http://www.turnkeylinux.org/drupal6"
};


@electronic{references:drupalhome,
  title         = "Drupal - Open Source CMS | drupal.org",
  url           = "http://drupal.org/"
};


@electronic{references:lullabot,
  title         = "Lullabot | Drupal videos, training, consulting and guidance",
  url           = "http://www.lullabot.com/"
};


@electronic{references:shellinabox,
  title         = "shellinabox - Project Hosting on Google Code",
  url           = "http://code.google.com/p/shellinabox/"
};


@electronic{references:webmin,
  title         = "Webmin",
  url           = "http://www.webmin.com/"
};

@electronic{references:drupalhispano,
  title         = "Drupal Hispano | Comunidad de usuarios de Drupal",
  url           = "http://drupal.org.es/"
};


@electronic{references:tatehandheld,
  title         = "Multimedia Tour Programme at Tate Modern",
  author	= "Gillian Wilson",
  publisher	= "Museums and the web",
  year		= "2004",
  url           = "http://www.archimuse.com/mw2004/papers/wilson/wilson.html"
};



@electronic{references:drupalthemes,
  title         = "Overview of theme files | drupal.org",
  url           = "http://drupal.org/node/171194"
};


@BOOK{ByronBerryHaugEatonWalkerRobbins200812, 
title={Using Drupal},
author={Angela Byron and Addison Berry and Nathan Haug and Jeff Eaton and James Walker and Jeff Robbins},
publisher={O'Reilly Media},
year={2008},
month={12},
edition={1},
isbn={9780596515805},
totalpages={496},
timestamp={2010.11.29},
}

@BOOK{ByronBerryHaugEatonWalkerRobbins200909, 
title={Drupal},
author={Angela Byron and Addison Berry and Nathan Haug and Jeff Eaton and James Walker and Jeff Robbins},
publisher={Anaya Multimedia / O'Reilly},
year={2009},
month={09},
edition={1},
isbn={9788441526129},
totalpages={544},
timestamp={2010.11.29},
}



% An example of a IEEEtran control entry which can change some IEEEtran.bst
% settings. An entry like this must be cited via \bstctlcite{} command
% before the first real \cite{}. The same entry key cannot be called twice
% (just like multiple \cite{} of the same entry key place only one entry
% in the bibliography.)
% The available control fields are:
% 
% CTLuse_article_number
% "no" turns off the display of the number for articles.
% "yes" enables
%
% CTLuse_paper
% "no" turns off the display of the paper and type fields in inproceedings.
% "yes" enables
% 
% CTLuse_forced_etal 
% "no" turns off the forced use of "et al."
% "yes" enables
% 
% CTLmax_names_forced_etal
% The maximum number of names that can be present beyond which an "et al."
% usage is forced. Be sure that CTLnames_show_etal (below)
% is not greater than this value!
% 
% CTLnames_show_etal
% The number of names that will be shown with a forced "et al.".
% Must be less than or equal to CTLmax_names_forced_etal
% 
% CTLuse_alt_spacing 
% "no" turns off the alternate interword spacing for entries with URLs.
% "yes" enables
% 
% CTLalt_stretch_factor
% If alternate interword spacing for entries with URLs is enabled, this is
% the interword spacing stretch factor that will be used. For example, the
% default "4" here means that the interword spacing in entries with URLs can
% stretch to four times normal. Does not have to be an integer.
% 
% CTLdash_repeated_names
% "no" turns off the "dashification" of repeated (i.e., identical to those
% of the previous entry) names. IEEE normally does this.
% "yes" enables
% 
% CTLname_format_string
% The name format control string as explained in the BibTeX style hacking
% guide.
% IEEE style "{f.~}{vv~}{ll}{, jj}" is the default,
% 
% CTL_name_latex_cmd
% A LaTeX command that each name will be fed to (e.g., "\textsc").
% Leave empty if no special font is desired for the names.
% The default is empty.
% 
% Those fields that are not to be changed can be left out or empty.
@IEEEtranBSTCTL{references:BSTcontrol,
  CTLuse_article_number     = "yes",
  CTLuse_paper              = "yes",
  CTLuse_forced_etal        = "no",
  CTLmax_names_forced_etal  = "10",
  CTLnames_show_etal        = "1",
  CTLuse_alt_spacing        = "yes",
  CTLalt_stretch_factor     = "4",
  CTLdash_repeated_names    = "yes",
  CTLname_format_string     = "{f.~}{vv~}{ll}{, jj}",
  CTLname_latex_cmd         = ""
};



